@article{bravyi19,
   title =	 {Approximation algorithms for quantum many-body problems},
   volume =	 {60},
   ISSN =	 {1089-7658},
   url =	 {http://dx.doi.org/10.1063/1.5085428},
   DOI =	 {10.1063/1.5085428},
   number =	 {3},
   journal =	 {Journal of Mathematical Physics},
   publisher =	 {AIP Publishing},
   author =	 {Bravyi, Sergey and Gosset, David and König, Robert and Temme, Kristan},
   year =	 {2019},
   month =	 {3},
   pages =	 {032203}
}
@article{kimura03,
   title =	 {The Bloch vector for N-level systems},
   volume =	 {314},
   ISSN =	 {0375-9601},
   url =	 {http://dx.doi.org/10.1016/S0375-9601(03)00941-1},
   DOI =	 {10.1016/s0375-9601(03)00941-1},
   number =	 {5-6},
   journal =	 {Physics Letters A},
   publisher =	 {Elsevier BV},
   author =	 {Kimura, Gen},
   year =	 {2003},
   month =	 {Aug},
   pages =	 {339–349}
}
@book{mahler98,
   title =      {Quantum networks : dynamics of open nanostructures},
   author =     {Günter Mahler; Volker Achim Weberruss},
   publisher =  {Springer},
   isbn =       {3540636684,9783540636687},
   year =       {1998},
   series =     {},
   edition =    {2nd, rev. and enl. ed},
   volume =     {},
}
@book{bengtsson17,
   title =      {Geometry of Quantum States an Introduction to Quantum Entanglement},
   author =     {Ingemar Bengtsson, Karol Życzkowski},
   publisher =  {Cambridge University Press},
   isbn =       {9781107026254,1107026253,9781107656147,1107656141},
   year =       {2017},
   series =     {},
   edition =    {2nd},
   volume =     {},
}
@book{nielsen11,
   title =      {Quantum Computation and Quantum Information: 10th Anniversary Edition},
   author =     {Michael A. Nielsen, Isaac L. Chuang},
   publisher =  {Cambridge University Press},
   isbn =       {1107002176,9781107002173},
   year =       {2011},
   series =     {},
   edition =    {10 Anv},
   volume =     {},
}
@article{vallentin09,
   title = 	{Symmetry in semidefinite programs},
   volume =	{430},
   ISSN =	{0024-3795},
   url =	{http://dx.doi.org/10.1016/j.laa.2008.07.025},
   DOI =	{10.1016/j.laa.2008.07.025},
   number =	{1},
   journal =	{Linear Algebra and its Applications},
   publisher =	{Elsevier BV},
   author =	{Vallentin, Frank},
   year =	{2009},
   month =	{Jan},
   pages =	{360–369}
}
@article{pfeuty70,
   title  =	{The one-dimensional Ising model with a transverse field},
   journal  =	{Annals of Physics},
   volume  =	{57},
   number  =	{1},
   pages  =	{79 - 90},
   year  =	{1970},
   issn  =	{0003-4916},
   doi  =	{https://doi.org/10.1016/0003-4916(70)90270-8},
   author  =	{Pierre Pfeuty},
}
@article{lieb61,
   title  =	{Two soluble models of an antiferromagnetic chain},
   journal  =	{Annals of Physics},
   volume  =	{16},
   number  =	{3},
   pages  =	{407 - 466},
   year  =	{1961},
   issn  =	{0003-4916},
   doi  =	{https://doi.org/10.1016/0003-4916(61)90115-4},
   author  =	{Elliott Lieb and Theodore Schultz and Daniel Mattis},
}
@article{goyal16,
   doi  =	{10.1088/1751-8113/49/16/165203},
   url  =	{https://doi.org/10.1088%2F1751-8113%2F49%2F16%2F165203},
   year  =	2016,
   month  =	{mar},
   publisher  =	{{IOP} Publishing},
   volume  =	{49},
   number  =	{16},
   pages  =	{165203},
   author =	{Sandeep K Goyal and B Neethi Simon and Rajeev Singh and Sudhavathani Simon},
   title  =	{Geometry of the generalized Bloch sphere for qutrits},
   journal  =	{Journal of Physics A: Mathematical and Theoretical}
}
@article{gharibian12,
   author  =	{Gharibian, Sevag and Kempe, Julia},
   title  =	{Approximation Algorithms for QMA-Complete Problems},
   journal  =	{SIAM Journal on Computing},
   volume  =	{41},
   number  =	{4},
   pages  =	{1028-1050},
   year  =	{2012},
   doi  =	{10.1137/110842272},
   URL  =	{ https://doi.org/10.1137/110842272},
   eprint  =	{https://doi.org/10.1137/110842272}
}
@article{gharibian19,
   title =	{Almost optimal classical approximation algorithms for a quantum generalization of Max-Cut},
   author =	{Gharibian, Sevag and Parekh, Ojas},
   journal =	{arXiv preprint arXiv:1909.08846},
   year =	{2019}
}
@article{kempe06,
   author =	{Kempe, Julia and Kitaev, Alexei and Regev, Oded},
   title =	{The Complexity of the Local Hamiltonian Problem},
   journal =	{SIAM Journal on Computing},
   volume =	{35},
   number =	{5},
   pages =	{1070-1097},
   year =	{2006},
   doi =		{10.1137/S0097539704445226},
   URL =		{https://doi.org/10.1137/S0097539704445226},
   eprint =	{https://doi.org/10.1137/S0097539704445226}
}
@article{goemans95,
   author  =	 {M. X. Goemans and D.P. Williamson},
   title  =	 {Improved Approximation Algorithms for Maximum Cut and Satisfiability Problems Using Semidefinite Programming},
   journal  =	 {Journal of the ACM},
   year  =	 {1995},
   volume  =	 {42},
   pages  =	 {1115--1145}
}
@article{vandenberghe96,
   author =	{Vandenberghe, Lieven and Boyd, Stephen},
   title  =	{Semidefinite Programming},
   journal =	{SIAM Review},
   volume =	{38},
   number =	{1},
   pages  =	{49-95},
   year  =	{1996},
   doi  =	{10.1137/1038003},
   URL  =	{https://doi.org/10.1137/1038003},
   eprint =	{https://doi.org/10.1137/1038003}
}
@inproceedings{cook71,
   author =	{Cook, Stephen A.},
   title =	{The Complexity of Theorem-Proving Procedures},
   year =	{1971},
   isbn =	{9781450374644},
   publisher =	{Association for Computing Machinery},
   address =	{New York, NY, USA},
   url =	{https://doi.org/10.1145/800157.805047},
   doi =	{10.1145/800157.805047},
   booktitle =	{Proceedings of the Third Annual ACM Symposium on Theory of Computing},
   pages =	{151–158},
   numpages =	{8},
   location =	{Shaker Heights, Ohio, USA},
   series =	{STOC '71}
}
@book{kitaev02,
   author =	{Kitaev, A. Yu. and Shen, A. H. and Vyalyi, M. N.},
   title =	{Classical and Quantum Computation},
   year =	{2002},
   isbn =	{0821832298},
   publisher =	{American Mathematical Society},
   address =	{USA}
}
@misc{gottesman97,
   title =	{Stabilizer Codes and Quantum Error Correction},
   author =	{Daniel Gottesman},
   year =	{1997},
   eprint =	{quant-ph/9705052}
}
@article{horodecki03,
   title =	{Entanglement Breaking Channels},
   volume =	{15},
   ISSN =	{1793-6659},
   url =	{http://dx.doi.org/10.1142/S0129055X03001709},
   DOI =	{10.1142/s0129055x03001709},
   number =	{06},
   journal =	{Reviews in Mathematical Physics},
   publisher =	{World Scientific Pub Co Pte Lt},
   author =	{Horodecki, Michael and Shor, Peter W. and Ruskai, Mary Beth},
   year =	{2003},
   month =	{Aug},
   pages =	{629–641}
}
@misc{king02,
   title =	{The capacity of the quantum depolarizing channel},
   author =	{C. King},
   year =	{2002},
   eprint =	{quant-ph/0204172},
}
@article{ruskai03,
   author =	{Ruskai, Mary Beth},
   title =	{Qubit Entanglement Breaking Channels},
   journal =	{Reviews in Mathematical Physics},
   volume =	{15},
   number =	{06},
   pages =	{643-662},
   year =	{2003},
   doi =	{10.1142/S0129055X03001710},
   URL =	{https://doi.org/10.1142/S0129055X03001710},
   eprint =	{https://doi.org/10.1142/S0129055X03001710}
}
@misc{brandao14,
   title =	{Product-state Approximations to Quantum Ground States},
   author =	{Fernando G. S. L. Brandão and Aram W. Harrow},
   year =	{2014},
   eprint =	{1310.0017},
}
@article{harrow17,
   title =	{Extremal eigenvalues of local Hamiltonians},
   volume =	{1},
   ISSN =	{2521-327X},
   url =	{http://dx.doi.org/10.22331/q-2017-04-25-6},
   DOI =	{10.22331/q-2017-04-25-6},
   journal =	{Quantum},
   publisher =	{Verein zur Forderung des Open Access Publizierens in den Quantenwissenschaften},
   author =	{Harrow, Aram W. and Montanaro, Ashley},
   year =	{2017},
   month =	{Apr},
   pages =	{6}
}
@article{charikar04,
   title =	{Maximizing quadratic programs: extending Grothendieck's inequality},
   author =	{M. Charikar and A. Wirth},
   journal =	{45th Annual IEEE Symposium on Foundations of Computer Science},
   year =	{2004},
   pages =	{54-60}
}
@article{choi75,
   title =	{Completely positive linear maps on complex matrices},
   journal =	{Linear Algebra and its Applications},
   volume =	{10},
   number =	{3},
   pages =	{285 - 290},
   year =	{1975},
   issn =	{0024-3795},
   doi =	{https://doi.org/10.1016/0024-3795(75)90075-0},
   author =	{Man-Duen Choi},
}
@misc{gyongyosi12,
   title =	{Properties of the Quantum Channel},
   author =	{Laszlo Gyongyosi and Sandor Imre},
   year =	{2012},
   eprint =	{1208.1270},
}
@book{imre12,
   author =	{Imre, Sandor and Gyongyosi, Laszlo},
   year =	{2012},
   month =	{12},
   pages =	{},
   title =	{Advanced Quantum Communications: An Engineering Approach},
   doi =	{10.1002/9781118337462}
}
@misc{mosca08,
   title =	{Quantum Algorithms},
   author =	{Michele Mosca},
   year =	{2008},
   eprint =	{0808.0369}
}
@book{boyd04,
   author =	{Boyd, Stephen and Vandenberghe, Lieven},
   title =	{Convex Optimization},
   year =	{2004},
   isbn =	{0521833787},
   publisher =	{Cambridge University Press},
   address =	{USA}
}
@article{horodecki03,
   title =	{Entanglement Breaking Channels},
   volume =	{15},
   ISSN =	{1793-6659},
   url =	{http://dx.doi.org/10.1142/S0129055X03001709},
   DOI =	{10.1142/s0129055x03001709},
   number =	{06},
   journal =	{Reviews in Mathematical Physics},
   publisher =	{World Scientific Pub Co Pte Lt},
   author =	{Horodecki, Michael and Shor, Peter W. and Ruskai, Mary Beth},
   year =	{2003},
   month =	{Aug},
   pages =	{629–641}
}
@article{campbell14,
   title =	{Enhanced Fault-Tolerant Quantum Computing in d-Level Systems},
   volume =	{113},
   ISSN =	{1079-7114},
   url =	{http://dx.doi.org/10.1103/PhysRevLett.113.230501},
   DOI =	{10.1103/physrevlett.113.230501},
   number =	{23},
   journal =	{Physical Review Letters},
   publisher =	{American Physical Society (APS)},
   author =	{Campbell, Earl T.},
   year =	{2014},
   month =	{Dec}
}
@article{bechmann00,
   title =	{Quantum Cryptography with 3-State Systems},
   volume =	{85},
   ISSN =	{1079-7114},
   url =	{http://dx.doi.org/10.1103/PhysRevLett.85.3313},
   DOI =	{10.1103/physrevlett.85.3313},
   number =	{15},
   journal =	{Physical Review Letters},
   publisher =	{American Physical Society (APS)},
   author =	{Bechmann-Pasquinucci, Helle and Peres, Asher},
   year =	{2000},
   month =	{Oct},
   pages =	{3313–3316}
}
@misc{blok20,
   title =	{Quantum Information Scrambling in a Superconducting Qutrit Processor},
   author =	{M. S. Blok and V. V. Ramasesh and T. Schuster and K. O'Brien and J. M. Kreikebaum and D. Dahlen and A. Morvan and B. Yoshida and N. Y. Yao and I. Siddiqi},
   year =	{2020},
   eprint =	{2003.03307},
}
@article{lieb73,
   author =	{{Lieb}, Elliott H.},
   title =	"{The classical limit of quantum spin systems}",
   journal =	{Communications in Mathematical Physics},
   year =	1973,
   month =	dec,
   volume =	{31},
   number =	{4},
   pages =	{327-340},
   doi =	{10.1007/BF01646493},
}
@book{kittel87,
   title =      {Quantum Theory of Solids, Second Edition},
   author =     {Charles Kittel},
   publisher =  {},
   isbn =       {9780471624127,0471624128},
   year =       {1987},
   series =     {},
   edition =    {2nd Revised Edition}
}
@misc{nielsen05,
   author =	{Michael A. Nielsen},
   title =	{The Fermionic canonical commutation relations and the Jordan-Wigner transform},
   year =	{2005},
   url =	{http://michaelnielsen.org/blog/archive/notes/fermions_and_jordan_wigner.pdf}
}
@article{bogoljubov58,
   author =	{Bogoljubov, N. N. and Tolmachov, V. V. and Širkov, D. V.},
   title =	{A New Method in the Theory of Superconductivity},
   journal =	{Fortschritte der Physik},
   volume =	{6},
   number =	{11‐12},
   pages =	{605-682},
   doi =	{10.1002/prop.19580061102},
   year =	{1958}
}
@article{abdulsattar12,
   author =	{Abdulsattar,Mudar A. },
   title =	{SiGe superlattice nanocrystal infrared and Raman spectra: A density functional theory study},
   journal =	{Journal of Applied Physics},
   volume =	{111},
   number =	{4},
   pages =	{044306},
   year =	{2012},
   doi =	{10.1063/1.3686610},
   eprint =	{https://doi.org/10.1063/1.3686610}
}
@article{anshu20,
   title =	{Beyond product state approximations for a quantum analogue of Max Cut},
   author =	{Anshu, Anurag and Gosset, David and Morenz, Karen},
   journal =	{arXiv preprint arXiv:2003.14394},
   year =	{2020}
}
@article{bethe31,
   author =	{{Bethe}, H.},
   title =	{Zur Theorie der Metalle},
   journal =	{Zeitschrift fur Physik},
   year =	{1931},
   month =	{mar},
   volume =	{71},
   number =	{3-4},
   pages =	{205-226},
   doi =	{10.1007/BF01341708},
}
@article{mendas06,
   doi =	{10.1088/0305-4470/39/36/012},
   url =	{https://doi.org/10.1088%2F0305-4470%2F39%2F36%2F012},
   year =	{2006},
   month =	{aug},
   publisher =	{{IOP} Publishing},
   volume =	{39},
   number =	{36},
   pages =	{11313--11324},
   author =	{Istok P. Mendas},
   title =	{The classification of three-parameter density matrices for a qutrit},
   journal =	{Journal of Physics A: Mathematical and General}
}
