@article{Huber_2020,
   title =	{Jointly Constrained Semidefinite Bilinear Programming With an Application to Dobrushin Curves},
   volume =	{66},
   ISSN =	{1557-9654},
   url =	{http://dx.doi.org/10.1109/TIT.2019.2939474},
   DOI =	{10.1109/tit.2019.2939474},
   number =	{5},
   journal =	{IEEE Transactions on Information Theory},
   publisher =	{Institute of Electrical and Electronics Engineers (IEEE)},
   author =	{Huber, Stefan and Konig, Robert and Tomamichel, Marco},
   year =	{2020},
   month =	{May},
   pages =	{2934–2950}
}
@article{Bravyi_2019,
   title =	{Approximation algorithms for quantum many-body problems},
   volume =	{60},
   ISSN =	{1089-7658},
   url =	{http://dx.doi.org/10.1063/1.5085428},
   DOI =	{10.1063/1.5085428},
   number =	{3},
   journal =	{Journal of Mathematical Physics},
   publisher =	{AIP Publishing},
   author =	{Bravyi, Sergey and Gosset, David and König, Robert and Temme, Kristan},
   year =	{2019},
   month =	{Mar},
   pages =	{032203}
}
@article{Kimura_2003,
   title =	{The Bloch vector for N-level systems},
   volume =	{314},
   ISSN =	{0375-9601},
   url =	{http://dx.doi.org/10.1016/S0375-9601(03)00941-1},
   DOI =	{10.1016/s0375-9601(03)00941-1},
   number =	{5-6},
   journal =	{Physics Letters A},
   publisher =	{Elsevier BV},
   author =	{Kimura, Gen},
   year =	{2003},
   month =	{Aug},
   pages =	{339–349}
}
@book{Mahler98,
   title =     {Quantum networks : dynamics of open nanostructures},
   author =    {Günter Mahler; Volker Achim Weberruss},
   publisher = {Springer},
   isbn =      {3540636684,9783540636687},
   year =      {1998},
   series =    {},
   edition =   {2nd, rev. and enl. ed},
   volume =    {},
}
@book{Bengtsson17,
   title =     {Geometry of Quantum States an Introduction to Quantum Entanglement},
   author =    {Ingemar Bengtsson, Karol Życzkowski},
   publisher = {Cambridge University Press},
   isbn =      {9781107026254,1107026253,9781107656147,1107656141},
   year =      {2017},
   series =    {},
   edition =   {2nd},
   volume =    {},
}
